@online{Grenie_Access_2019,
  title = {Access {{Publisher Copyright}} \& {{Self-Archiving Policies}} via the '{{SHERPA}}/{{RoMEO}}' {{API}}},
  author = {Grenié, Matthias and Gruson, Hugo},
  date = {2019-06-04},
  url = {https://ropensci.org/blog/2019/06/04/rromeo/},
  urldate = {2022-05-27},
  abstract = {We’ve been following rOpenSci’s work for a long time, and we use several packages on a daily basis for our scientific projects, especially taxize to clean species names, rredlist to extract species IUCN statuses or [treeio](many probs with this post) to work with phylogenetic trees. rOpensci is a perfect incarnation of a vibrant and diverse community where people learn and develop new ideas, especially regarding scientific packages. We’ve also noticed how much the thorough review process improves the quality of the packages that join the rOpenSci ecosystem.},
  langid = {english},
  organization = {{The rOpenSci blog}},
  file = {C\:\\Users\\ke76dimu\\Zotero\\storage\\GVPABSKS\\rromeo.html}
}

@online{Grenie_Best_2022,
  title = {Best Practices for Taxonomic Harmonization, an Overlooked yet Crucial Step in Biodiversity Analyses},
  author = {Grenié, Matthias and Berti, Emilio and Carvajal-Quintero, Juan and Dädlow, Gala Mona Louise and Sagouis, Alban and Winter, Marten},
  date = {2022-03-02T10:09:09+00:00},
  url = {https://methodsblog.com/2022/03/02/best-practices-for-taxonomic-harmonization-an-overlooked-yet-crucial-step-in-biodiversity-analyses/},
  urldate = {2022-05-27},
  langid = {english},
  organization = {{Methods Blog}},
  file = {C\:\\Users\\ke76dimu\\Zotero\\storage\\SVK8SNG6\\best-practices-for-taxonomic-harmonization-an-overlooked-yet-crucial-step-in-biodiversity-analy.html}
}

@online{Grenie_Community_2020,
  title = {Community {{Captioning}} of {{rOpenSci Community Calls}}},
  author = {Grenié, Matthias and Gruson, Hugo},
  date = {2020-07-15},
  url = {https://ropensci.org/blog/2020/07/15/subtitles/},
  urldate = {2022-05-27},
  abstract = {Our experiences creating captions for an rOpenSci Community Call},
  langid = {english},
  organization = {{The rOpenSci Blog}},
  file = {C\:\\Users\\ke76dimu\\Zotero\\storage\\XVKNHN6R\\subtitles.html}
}

@online{Grenie_How_2022,
  title = {How to {{Save}} Ggplot2 {{Plots}} in a Targets {{Workflow}}?},
  author = {Grenié, Matthias},
  date = {2022-12-06},
  url = {https://ropensci.org/blog/2022/12/06/save-ggplot2-targets/},
  urldate = {2023-02-03},
  abstract = {A short exploration of how to save ggplot2 objects in targets workflow},
  langid = {english},
  organization = {{The rOpenSci Blog}},
  file = {C\:\\Users\\ke76dimu\\Zotero\\storage\\5Y6ADVHP\\save-ggplot2-targets.html}
}

@online{Salmon_Why_2022,
  title = {Why {{You Should}} (or {{Shouldn}}'t) {{Build}} an {{API Client}}},
  author = {Salmon, Maëlle and Grenié, Matthias and Gruson, Hugo},
  date = {2022-06-16},
  url = {https://ropensci.org/blog/2022/06/16/publicize-api-client-yes-no/},
  urldate = {2023-02-16},
  abstract = {Should you write and maintain an R package accessing a web API? Here are our tips for deciding, and for doing it if you go for it.},
  langid = {english},
  organization = {{The rOpenSci Blog}},
  file = {C\:\\Users\\ke76dimu\\Zotero\\storage\\PX87F8LP\\publicize-api-client-yes-no.html}
}
