
@unpublished{Jurburg_community_perspective_2022,
  title = {Revisiting multivariate molecular data: a community ecology perspective},
  author = {Jurburg, Stephanie D. and Buscot, François and Chatzinotas, Antonis and Chaudhari, Narendrakumar M. and Clark, Adam T. and Grenié, Matthias and Garbowski, Magda and Hom, Erik F. Y. and Karakoç, Canan and Marr, Susanne and Neumann, Steffen and Tarkka, Mika and Weinhold, Alexander and Van Dam, Nicole M. and Heintz-Buschart, Anna},
  year = 2022
}

@unpublished{Cutts_links_2022,
  title = {Links to rare climates do not translate into distinct traits for island endemics},
  author = {Cutts, Vanessa and Hanz, Dagmar and Barajas-Barbosa, Martha and Schrodt, Franziska and Steinbauer, Manuel and Beierkuhnlein, Carl and Denelle, Pierre and Fernández-Palacios, José Maria and Gaüzère, Pierre and Grenié, Matthias and Irl, Severin and Kraft, Nathan and Kreft, Holger and Maitner, Brian and Munoz, François and Thuiller, Wilfried and Violle, Cyrille and Patrick, Weigelt Biodiversity and Field, Richard and Algar, Adam},
  year = 2022
}